<?xml version="1.0" encoding="UTF-8"?>
<record xmlns="http://www.loc.gov/MARC21/slim">
   <leader>02063cam a2200397 a 4500</leader>
   <controlfield tag="001">1082464</controlfield>
   <controlfield tag="003">NjP</controlfield>
   <controlfield tag="005">20170605130802.0</controlfield>
   <controlfield tag="008">960909m19639999ir            000 0 ara d</controlfield>
   <datafield tag="024" ind1="7" ind2=" ">
      <subfield code="a">princeton_aco003512</subfield>
      <subfield code="2">local</subfield>
   </datafield>
   <datafield ind1=" " ind2=" " tag="035">
      <subfield code="a">(OCoLC)ocn176606977</subfield>
   </datafield>
   <datafield ind1=" " ind2=" " tag="035">
      <subfield code="a">(OCoLC)35600743</subfield>
   </datafield>
   <datafield ind1=" " ind2=" " tag="040">
      <subfield code="a">NjP</subfield>
      <subfield code="c">PUL</subfield>
      <subfield code="d">PUL</subfield>
   </datafield>
   <datafield ind1=" " ind2=" " tag="035">
      <subfield code="a">(OCoLC)176606977</subfield>
   </datafield>
   <datafield ind1=" " ind2=" " tag="035">
      <subfield code="a">(CStRLIN)NJPG96-B50610</subfield>
   </datafield>
   <datafield ind1=" " ind2=" " tag="035">
      <subfield code="9">CCG3283TS</subfield>
   </datafield>
   <datafield ind1=" " ind2=" " tag="035">
      <subfield code="a">(NjP)1082464</subfield>
   </datafield>
   <datafield ind1=" " ind2=" " tag="079">
      <subfield code="a">ocm35600743</subfield>
   </datafield>
   <datafield ind1=" " ind2=" " tag="049">
      <subfield code="a">PULL</subfield>
   </datafield>
   <datafield ind1="1" ind2=" " tag="100">
      <subfield code="6">880-01</subfield>
      <subfield code="a">Fayḍ al-Simnānī, Muḥammad Riḍā.</subfield>
   </datafield>
   <datafield ind1="1" ind2="0" tag="240">
      <subfield code="6">880-02</subfield>
      <subfield code="a">Kitāb al-ṭahārah</subfield>
   </datafield>
   <datafield ind1="1" ind2="3" tag="245">
      <subfield code="6">880-03</subfield>
      <subfield code="a">al-Mujallad al-awwal min Kitāb al-ṭahārah :</subfield>
      <subfield code="b">yabḥath ʻan fiqh masāʼil al-ṭahārah ʻalá mā iqtaḍāh al-Kitāb wa-al-sunnah wa-al-ʻaql wa-fatāwá fuqahāʼ al-Shīʻah bi-ṭarz badīʻ daqīq /</subfield>
      <subfield code="c">taʼlīf Muḥammad Riḍā al-Fayḍ al-Simnānī.</subfield>
   </datafield>
   <datafield ind1="1" ind2="0" tag="246">
      <subfield code="6">880-04</subfield>
      <subfield code="a">Kitāb al-ṭahārah</subfield>
   </datafield>
   <datafield ind1=" " ind2=" " tag="260">
      <subfield code="6">880-05</subfield>
      <subfield code="a">Ṭihrān :</subfield>
      <subfield code="b">yuṭlab min Maktabat Markaz Nashr al-Kitāb,</subfield>
      <subfield code="c">1383- [1963 or 1964]-</subfield>
   </datafield>
   <datafield ind1=" " ind2=" " tag="300">
      <subfield code="a">v. ;</subfield>
      <subfield code="c">25 cm.</subfield>
   </datafield>
   <datafield ind1=" " ind2="0" tag="650">
      <subfield code="a">Islamic law</subfield>
      <subfield code="x">Interpretation and construction.</subfield>
      <subfield code="0">http://id.loc.gov/authorities/subjects/sh85068455</subfield>
   </datafield>
   <datafield ind1=" " ind2="0" tag="650">
      <subfield code="a">Purity, Ritual</subfield>
      <subfield code="x">Islam.</subfield>
      <subfield code="0">http://id.loc.gov/authorities/subjects/sh85109199</subfield>
   </datafield>
   <datafield ind1=" " ind2="0" tag="650">
      <subfield code="a">Shiites.</subfield>
      <subfield code="0">http://id.loc.gov/authorities/subjects/sh85121432</subfield>
   </datafield>
   <datafield ind1="1" ind2=" " tag="880">
      <subfield code="6">100-01/r</subfield>
      <subfield code="a">فيض السمناني، محمد رضا.</subfield>
   </datafield>
   <datafield ind1="1" ind2="0" tag="880">
      <subfield code="6">240-02/r</subfield>
      <subfield code="a">كتاب الطهارة</subfield>
   </datafield>
   <datafield ind1="1" ind2="2" tag="880">
      <subfield code="6">245-03/r</subfield>
      <subfield code="a">المجلد الاول من كتاب الطهارة :</subfield>
      <subfield code="b">يبحث عن فقه مسائل الطهارة على ما اقتضاه الكتاب والسنة والعقل وفتاوى فقهاء الشيعة بطرز بديع دقيق /</subfield>
      <subfield code="c">تأليف محمد رضا الفيض السمناني.</subfield>
   </datafield>
   <datafield ind1="1" ind2="0" tag="880">
      <subfield code="6">246-04/r</subfield>
      <subfield code="a">كتاب الطهارة</subfield>
   </datafield>
   <datafield ind1=" " ind2=" " tag="880">
      <subfield code="6">260-05/r</subfield>
      <subfield code="a">طهران :</subfield>
      <subfield code="b">يطلب من مكتبة مركز نشر الكتاب،</subfield>
      <subfield code="c">1383- [1963 or 1964]</subfield>
   </datafield>
   <datafield ind1=" " ind2=" " tag="998">
      <subfield code="a">09/09/96</subfield>
      <subfield code="s">9114</subfield>
      <subfield code="n">NjP</subfield>
      <subfield code="d">09/09/96</subfield>
      <subfield code="c">KC</subfield>
      <subfield code="b">KC</subfield>
      <subfield code="i">960909</subfield>
      <subfield code="l">NJPG</subfield>
   </datafield>
   <datafield ind1=" " ind2=" " tag="911">
      <subfield code="a">19960919</subfield>
   </datafield>
   <datafield ind1=" " ind2=" " tag="912">
      <subfield code="a">19960923040007.0</subfield>
   </datafield>
   <datafield ind1=" " ind2=" " tag="994">
      <subfield code="a">C0</subfield>
      <subfield code="b">PUL</subfield>
   </datafield>
   <datafield ind1=" " ind2=" " tag="999">
      <subfield code="a">1082464</subfield>
   </datafield>
   <datafield ind1="8" ind2="1" tag="852">
      <subfield code="0">1245233</subfield>
      <subfield code="b">rcppa</subfield>
      <subfield code="t">1</subfield>
      <subfield code="h">KBL</subfield>
      <subfield code="i">.F3928 1963</subfield>
      <subfield code="x">tr fr arab</subfield>
   </datafield>
   <datafield ind1=" " ind2="0" tag="866">
      <subfield code="0">1245233</subfield>
      <subfield code="8">0</subfield>
      <subfield code="a">al-Mujallad 1</subfield>
   </datafield>
   <datafield ind1=" " ind2="0" tag="866">
      <subfield code="0">1245233</subfield>
      <subfield code="8">0</subfield>
      <subfield code="x">DESIGNATOR: al-Mujallad</subfield>
   </datafield>
   <datafield ind1=" " ind2=" " tag="959">
      <subfield code="a">2000-06-13 00:00:00 -0400</subfield>
   </datafield>
</record>
